@INPROCEEDINGS{Yamada03statisticaldependency,
    author = {Hiroyasu Yamada and Yuji Matsumoto},
    title = {Statistical Dependency Analysis with Support Vector Machines},
    booktitle = {In Proceedings of IWPT},
    year = {2003},
    pages = {195--206}
}

@InProceedings{PETROV12.274,
  author = {Slav Petrov and Dipanjan Das and Ryan McDonald},
  title = {A Universal Part-of-Speech Tagset},
  booktitle = {Proceedings of the Eight International Conference on Language Resources and Evaluation (LREC'12)},
  year = {2012},
  month = {may},
  date = {23-25},
  address = {Istanbul, Turkey},
  editor = {Nicoletta Calzolari (Conference Chair) and Khalid Choukri and Thierry Declerck and Mehmet Uğur Doğan and Bente Maegaard and Joseph Mariani and Asuncion Moreno and Jan Odijk and Stelios Piperidis},
  publisher = {European Language Resources Association (ELRA)},
  isbn = {978-2-9517408-7-7},
  language = {english}
 }

@InProceedings{dred07,
  author    = {Dredze, Mark  and  Blitzer, John  and  Pratim Talukdar, Partha  and  Ganchev, Kuzman  and  Graca, Jo\~ao  and  Pereira, Fernando},
  title     = {Frustratingly Hard Domain Adaptation for Dependency Parsing},
  booktitle = {Proceedings of the CoNLL Shared Task Session of EMNLP-CoNLL 2007},
  month     = {June},
  year      = {2007},
  address   = {Prague, Czech Republic},
  publisher = {Association for Computational Linguistics},
  pages     = {1051--1055},
  url       = {http://www.aclweb.org/anthology/D/D07/D07-1112}
}

@InProceedings{turbo13,
  author    = {Martins, Andre  and  Almeida, Miguel  and  Smith, Noah A.},
  title     = {Turning on the Turbo: Fast Third-Order Non-Projective Turbo Parsers},
  booktitle = {Proceedings of the 51st Annual Meeting of the Association for Computational Linguistics (Volume 2: Short Papers)},
  month     = {August},
  year      = {2013},
  address   = {Sofia, Bulgaria},
  publisher = {Association for Computational Linguistics},
  pages     = {617--622},
  url       = {http://www.aclweb.org/anthology/P13-2109}
}

@article{penn93,
 author = {Marcus, Mitchell P. and Marcinkiewicz, Mary Ann and Santorini, Beatrice},
 title = {Building a Large Annotated Corpus of English: The Penn Treebank},
 journal = {Comput. Linguist.},
 issue_date = {June 1993},
 volume = {19},
 number = {2},
 month = jun,
 year = {1993},
 issn = {0891-2017},
 pages = {313--330},
 numpages = {18},
 url = {http://dl.acm.org/citation.cfm?id=972470.972475},
 acmid = {972475},
 publisher = {MIT Press},
 address = {Cambridge, MA, USA},
} 

@InProceedings{eisenstein:2013:NAACL-HLT,
  author    = {Eisenstein, Jacob},
  title     = {What to do about bad language on the internet},
  booktitle = {Proceedings of the 2013 Conference of the North American Chapter of the Association for Computational Linguistics: Human Language Technologies},
  month     = {June},
  year      = {2013},
  address   = {Atlanta, Georgia},
  publisher = {Association for Computational Linguistics},
  pages     = {359--369},
  url       = {http://www.aclweb.org/anthology/N13-1037}
}


@inproceedings{Gimpel:2011:PTT:2002736.2002747,
 author = {Gimpel, Kevin and Schneider, Nathan and O'Connor, Brendan and Das, Dipanjan and Mills, Daniel and Eisenstein, Jacob and Heilman, Michael and Yogatama, Dani and Flanigan, Jeffrey and Smith, Noah A.},
 title = {Part-of-speech Tagging for Twitter: Annotation, Features, and Experiments},
 booktitle = {Proceedings of the 49th Annual Meeting of the Association for Computational Linguistics: Human Language Technologies: Short Papers - Volume 2},
 series = {HLT '11},
 year = {2011},
 isbn = {978-1-932432-88-6},
 location = {Portland, Oregon},
 pages = {42--47},
 numpages = {6},
 url = {http://dl.acm.org/citation.cfm?id=2002736.2002747},
 acmid = {2002747},
 publisher = {Association for Computational Linguistics},
 address = {Stroudsburg, PA, USA},
}

@InProceedings{kong-EtAl:2014:EMNLP2014,
  author    = {Kong, Lingpeng  and  Schneider, Nathan  and  Swayamdipta, Swabha  and  Bhatia, Archna  and  Dyer, Chris  and  Smith, Noah A.},
  title     = {A Dependency Parser for Tweets},
  booktitle = {Proceedings of the 2014 Conference on Empirical Methods in Natural Language Processing (EMNLP)},
  month     = {October},
  year      = {2014},
  address   = {Doha, Qatar},
  publisher = {Association for Computational Linguistics},
  pages     = {1001--1012},
  url       = {http://www.aclweb.org/anthology/D14-1108}
}
#############################################################
@book{Aho:72,
    author  = {Alfred V. Aho and Jeffrey D. Ullman},
    title   = {The Theory of Parsing, Translation and Compiling},
    year    = "1972",
    volume  = "1",
    publisher = {Prentice-Hall},
    address = {Englewood Cliffs, NJ}
}


@book{APA:83,
    author  = {{American Psychological Association}},
    title   = {Publications Manual},
    year    = "1983",
   publisher = {American Psychological Association},
   address = {Washington, DC}
}



@article{ACM:83,
	author = {{Association for Computing Machinery}},
	year = "1983",
	journal = {Computing Reviews},
	volume = "24",
	number = "11",
	pages = "503--512"
}

@article{Chandra:81,
	author = {Ashok K. Chandra and Dexter C. Kozen and Larry J. Stockmeyer},
	year = "1981",
	title = {Alternation},
	journal = {Journal of the Association for Computing Machinery},
	volume = "28",
	number = "1",
	pages = "114--133"
}


@book{Gusfield:97,
    author  = {Dan Gusfield},
    title   = {Algorithms on Strings, Trees and Sequences},
    year    = "1997",
    publisher = {Cambridge University Press},
    address = {Cambridge, UK}
}
